%% This BibTeX bibliography file was created using BibDesk.
%% http://bibdesk.sourceforge.net/


%% Created for Frederick Solt at 2014-02-25 14:46:44 -0600 


%% Saved with string encoding Unicode (UTF-8) 



@article{Solt2001,
	Author = {Solt, Frederick},
	Date-Added = {2014-02-25 20:46:15 +0000},
	Date-Modified = {2014-02-25 20:46:15 +0000},
	Journal = {Studies in Comparative International Development},
	Local-Url = {/Users/fredsolt/Documents/Other People's Papers/Solt2001.pdf},
	Note = {Summer},
	Number = {2},
	Owner = {fredsolt},
	Pages = {82-91},
	Title = {Institutional {E}ffects on {D}emocratic {T}ransitions: {N}eo-{P}atrimonial {R}egimes in {A}frica, 1989-1994},
	Volume = {36},
	Year = {2001},
	Bdsk-File-1 = {YnBsaXN0MDDUAQIDBAUGJCVYJHZlcnNpb25YJG9iamVjdHNZJGFyY2hpdmVyVCR0b3ASAAGGoKgHCBMUFRYaIVUkbnVsbNMJCgsMDxJXTlMua2V5c1pOUy5vYmplY3RzViRjbGFzc6INDoACgAOiEBGABIAFgAdccmVsYXRpdmVQYXRoWWFsaWFzRGF0YV8QLS4uLy4uLy4uLy4uLy4uL1NvdXJjZXMvRlNMaWJyYXJ5L1NvbHQyMDAxLnBkZtIXCxgZV05TLmRhdGFPEQGCAAAAAAGCAAIAAAdQbGF0aXRhAAAAAAAAAAAAAAAAAAAAAAAAAADMMMyiSCsAAACNnckMU29sdDIwMDEucGRmAAAAAAAAAAAAAAAAAAAAAAAAAAAAAAAAAAAAAAAAAAAAAAAAAAAAAAAAAAAAAAAAAAAAAAX2nrrvqelQREYgQ0FSTwAFAAMAAAkgAAAAAAAAAAAAAAAAAAAACUZTTGlicmFyeQAAEAAIAADMMRLyAAAAEQAIAAC67/A5AAAAAQAQAI2dyQAF8dwABcPRAAIN+QACADlQbGF0aXRhOlVzZXJzOgBmcmVkc29sdDoAU291cmNlczoARlNMaWJyYXJ5OgBTb2x0MjAwMS5wZGYAAA4AGgAMAFMAbwBsAHQAMgAwADAAMQAuAHAAZABmAA8AEAAHAFAAbABhAHQAaQB0AGEAEgAtVXNlcnMvZnJlZHNvbHQvU291cmNlcy9GU0xpYnJhcnkvU29sdDIwMDEucGRmAAATAAEvAAAVAAIAD///AACABtIbHB0eWiRjbGFzc25hbWVYJGNsYXNzZXNdTlNNdXRhYmxlRGF0YaMdHyBWTlNEYXRhWE5TT2JqZWN00hscIiNcTlNEaWN0aW9uYXJ5oiIgXxAPTlNLZXllZEFyY2hpdmVy0SYnVHJvb3SAAQAIABEAGgAjAC0AMgA3AEAARgBNAFUAYABnAGoAbABuAHEAcwB1AHcAhACOAL4AwwDLAlECUwJYAmMCbAJ6An4ChQKOApMCoAKjArUCuAK9AAAAAAAAAgEAAAAAAAAAKAAAAAAAAAAAAAAAAAAAAr8=}}

@book{Gelman2007,
	Address = {Cambridge},
	Author = {Gelman, Andrew and Hill, Jennifer},
	Date-Added = {2014-02-25 20:46:08 +0000},
	Date-Modified = {2014-02-25 20:46:08 +0000},
	Publisher = {Cambridge University Press},
	Title = {Data Analysis Using Regression and Multilevel/Hierarchical Models},
	Year = {2007}}
